<?xml version="1.0" encoding="UTF-8"?><collection xmlns="http://www.loc.gov/MARC21/slim"><record><leader>00583nam--2200229-u-4500</leader><controlfield tag="001">000050439</controlfield><controlfield tag="002">20161230</controlfield><controlfield tag="003">81859</controlfield><controlfield tag="005">20161230201048</controlfield><controlfield tag="008">070322s1000------------r-----000-0-eng-d</controlfield><datafield ind1=" " ind2=" " tag="020"><subfield code="a">1-4020-0755-8</subfield></datafield><datafield ind1=" " ind2=" " tag="040"><subfield code="a">IFIN-HH</subfield></datafield><datafield ind1=" " ind2=" " tag="041"><subfield code="a">eng</subfield></datafield><datafield ind1="1" ind2=" " tag="100"><subfield code="a">Jorgensen,Sven Erik</subfield></datafield><datafield ind1="1" ind2="0" tag="245"><subfield code="a">Integration of Ecosystem Theories:A Pattern</subfield></datafield><datafield ind1=" " ind2=" " tag="250"><subfield code="a">Third Edition</subfield></datafield><datafield ind1=" " ind2=" " tag="260"><subfield code="a">Dordrecht</subfield><subfield code="b">Kluwer Acad.Publishers</subfield><subfield code="c">2002</subfield></datafield><datafield ind1=" " ind2=" " tag="300"><subfield code="a">420 p</subfield></datafield><datafield ind1=" " ind2=" " tag="490"><subfield code="a">Ecology &amp; Environment</subfield></datafield><datafield ind1=" " ind2="4" tag="650"><subfield code="a">Recent Trends in Sciece</subfield></datafield><datafield ind1="8" ind2="1" tag="852"><subfield code="a">81859</subfield></datafield><datafield ind1=" " ind2=" " tag="CAT"><subfield code="a">Sys</subfield><subfield code="c">20070322</subfield><subfield code="h">111818</subfield></datafield></record></collection>